@misc{eratosthene,
	author = {Zanotti, JP.},
	howpublished = {\url{zanotti.univ-tln.fr/ALGO/I51/Crible.html}},
	note = {16-03-2016}
}

@article{agrawal2004primes,
  title={PRIMES is in P},
  author={Agrawal, Manindra and Kayal, Neeraj and Saxena, Nitin},
  journal={Annals of mathematics},
  pages={781--793},
  year={2004},
  publisher={JSTOR}
}

@misc{cmake,
	howpublished = {\url{https://cmake.org/}}
}

@misc{highlycomposed,
	howpublished = {\url{http://mathworld.wolfram.com/HighlyCompositeNumber.html}}
}

@misc{AKS1,
    howpublished = {\url{https://fr.wikipedia.org/wiki/Test_de_primalit%C3%A9_AKS}}
    }
@misc{AKS2,
    howpublished = {\url{https://en.wikipedia.org/wiki/AKS_primality_test}}
    }
@misc{Conjecture1,
	howpublished = {\url{https://en.wikipedia.org/wiki/Agrawal\%27s\_conjecture}}
	}
@misc{Conjecture2,
howpublished = {\url{https://eprint.iacr.org/2009/008.pdf}}
	}
@misc{poincare,
    howpublished = {\url{https://groupes.renater.fr/wiki/poincare/index}}
 	}
@misc{gmp,
    howpublished = {\url{https://gmplib.org/}}
    }
    
@misc{ntl,
    howpublished = {\url{http://www.shoup.net/ntl/}}
}
@misc{millerrabin,
    howpublished = {\url{https://en.wikipedia.org/wiki/Miller%E2%80%93Rabin_primality_test}}
}
@misc{euclide,
    howpublished = {\url{https://fr.wikipedia.org/wiki/Algorithme_d%27Euclide}}
}
@misc{pocklington,
    howpublished = {\url{https://en.wikipedia.org/wiki/Pocklington_primality_test}}
}
@misc{MPI,
    howpublished = {\url{https://fr.wikipedia.org/wiki/Message_Passing_Interface}}
}
@misc{omp,
    howpublished = {\url{https://fr.wikipedia.org/wiki/OpenMP}}
}

